<record xmlns:xsi="http://www.w3.org/2001/XMLSchema-instance" xmlns="http://www.loc.gov/MARC21/slim" xsi:schemaLocation="http://www.loc.gov/MARC21/slim http://www.loc.gov/standards/marcxml/schema/MARC21slim.xsd">

  <leader>00830nam a2200253Ia 4500</leader>
  <datafield ind2=" " tag="999" ind1=" ">
    <subfield code="c">270</subfield>
    <subfield code="d">270</subfield>
  </datafield>
  <controlfield tag="008">150922b1982    ru ||||| |||| 00| 0 spa d</controlfield>
  <datafield ind2=" " tag="020" ind1=" ">
    <subfield code="a">8477740747</subfield>
  </datafield>
  <datafield ind2=" " tag="090" ind1=" ">
    <subfield code="a">05.01.01 </subfield>
    <subfield code="b">1523</subfield>
  </datafield>
  <datafield ind1="1" tag="100" ind2=" ">
    <subfield code="9">1058</subfield>
    <subfield code="a">Vygotsky, Lev Semiónovich</subfield>
  </datafield>
  <datafield ind1="1" ind2="0" tag="245">
    <subfield code="a">Obras escogidas</subfield>
  </datafield>
  <datafield ind2=" " tag="260" ind1=" ">
    <subfield code="a">Moscú, Rusia : </subfield>
    <subfield code="b">Pedagóguika, </subfield>
    <subfield code="c">1982</subfield>
  </datafield>
  <datafield ind1=" " ind2=" " tag="300">
    <subfield code="a">volúmenes</subfield>
  </datafield>
  <datafield ind2=" " tag="490" ind1=" ">
    <subfield code="a">Colección Aprendizaje</subfield>
  </datafield>
  <datafield ind1=" " ind2=" " tag="505">
    <subfield code="a">Vol.I El significado histórico de la crisis de la Psicología.</subfield>
  </datafield>
  <datafield ind2=" " tag="505" ind1=" ">
    <subfield code="a">Vol.II Pensamiento y Lenguaje: Conferencias sobre Psicología. </subfield>
  </datafield>
  <datafield ind2=" " tag="505" ind1=" ">
    <subfield code="a">Vol. III Problemas del Desarrollo de la Psique.</subfield>
  </datafield>
  <datafield ind1=" " tag="505" ind2=" ">
    <subfield code="a"> Vol.IV Psicología infantil.</subfield>
  </datafield>
  <datafield ind1=" " tag="505" ind2=" ">
    <subfield code="a">Vol. V Fundamentos de defectología.</subfield>
  </datafield>
  <datafield ind2="0" tag="650" ind1=" ">
    <subfield code="a">PSICOLOGÍA</subfield>
    <subfield code="9">657</subfield>
  </datafield>
  <datafield ind1=" " ind2="0" tag="650">
    <subfield code="a">NIÑOS</subfield>
    <subfield code="9">59</subfield>
  </datafield>
  <datafield ind2="0" tag="650" ind1=" ">
    <subfield code="a">INFANCIA</subfield>
    <subfield code="9">533</subfield>
  </datafield>
  <datafield tag="650" ind2="0" ind1=" ">
    <subfield code="a">EDUCACIÓN</subfield>
    <subfield code="9">1</subfield>
  </datafield>
  <datafield ind1=" " ind2=" " tag="942">
    <subfield code="2">z</subfield>
    <subfield code="c">01</subfield>
  </datafield>
</record>